<?xml version="1.0" encoding="UTF-8"?>
  <record xmlns="http://www.loc.gov/MARC21/slim" type="Authority">
    <leader>00000nz  a2200000nc 4500</leader>
    <controlfield tag="001">118615661</controlfield>
    <controlfield tag="003">DE-101</controlfield>
    <controlfield tag="005">20220721175603.0</controlfield>
    <controlfield tag="008">880701n||azznnaabn           | aaa    |c</controlfield>
    <datafield tag="024" ind1="7" ind2=" ">
      <subfield code="a">118615661</subfield>
      <subfield code="0">http://d-nb.info/gnd/118615661</subfield>
      <subfield code="2">gnd</subfield>
    </datafield>
    <datafield tag="035" ind1=" " ind2=" ">
      <subfield code="a">(DE-101)118615661</subfield>
    </datafield>
    <datafield tag="035" ind1=" " ind2=" ">
      <subfield code="a">(DE-588)118615661</subfield>
    </datafield>
    <datafield tag="035" ind1=" " ind2=" ">
      <subfield code="z">(DE-588a)118615661</subfield>
      <subfield code="9">v:zg</subfield>
    </datafield>
    <datafield tag="035" ind1=" " ind2=" ">
      <subfield code="z">(DE-588c)4055610-4</subfield>
      <subfield code="9">v:zg</subfield>
    </datafield>
    <datafield tag="040" ind1=" " ind2=" ">
      <subfield code="a">DE-101</subfield>
      <subfield code="c">DE-101</subfield>
      <subfield code="9">r:DE-101</subfield>
      <subfield code="b">ger</subfield>
      <subfield code="d">9999</subfield>
    </datafield>
    <datafield tag="042" ind1=" " ind2=" ">
      <subfield code="a">gnd1</subfield>
    </datafield>
    <datafield tag="043" ind1=" " ind2=" ">
      <subfield code="c">XA-DE</subfield>
    </datafield>
    <datafield tag="065" ind1=" " ind2=" ">
      <subfield code="a">16.5p</subfield>
      <subfield code="2">sswd</subfield>
    </datafield>
    <datafield tag="075" ind1=" " ind2=" ">
      <subfield code="b">p</subfield>
      <subfield code="2">gndgen</subfield>
    </datafield>
    <datafield tag="075" ind1=" " ind2=" ">
      <subfield code="b">piz</subfield>
      <subfield code="2">gndspec</subfield>
    </datafield>
    <datafield tag="079" ind1=" " ind2=" ">
      <subfield code="a">g</subfield>
      <subfield code="q">s</subfield>
      <subfield code="q">a</subfield>
      <subfield code="q">f</subfield>
      <subfield code="u">v</subfield>
      <subfield code="u">w</subfield>
    </datafield>
    <datafield tag="100" ind1="0" ind2=" ">
      <subfield code="a">Sophie Dorothea</subfield>
      <subfield code="c">Hannover, Kurprinzessin</subfield>
      <subfield code="d">1666-1726</subfield>
    </datafield>
    <datafield tag="375" ind1=" " ind2=" ">
      <subfield code="a">2</subfield>
      <subfield code="2">iso5218</subfield>
    </datafield>
    <datafield tag="400" ind1="0" ind2=" ">
      <subfield code="a">Sophia Dorothea</subfield>
      <subfield code="c">Hannover, Kurprinzessin</subfield>
      <subfield code="d">1666-1726</subfield>
    </datafield>
    <datafield tag="400" ind1="0" ind2=" ">
      <subfield code="a">Sophie Dorothea</subfield>
      <subfield code="c">Braunschweig-Lüneburg, Herzogin</subfield>
      <subfield code="d">1666-1726</subfield>
    </datafield>
    <datafield tag="400" ind1="0" ind2=" ">
      <subfield code="a">Sophia Dorothea</subfield>
      <subfield code="c">Braunschweig-Lüneburg, Herzogin</subfield>
      <subfield code="d">1666-1726</subfield>
    </datafield>
    <datafield tag="400" ind1="0" ind2=" ">
      <subfield code="a">Sophie Dorothea</subfield>
      <subfield code="c">Ahlden, Prinzessin</subfield>
      <subfield code="d">1666-1726</subfield>
    </datafield>
    <datafield tag="400" ind1="0" ind2=" ">
      <subfield code="a">Sophie Dorothee</subfield>
      <subfield code="c">Hannover, Kurprinzessin</subfield>
      <subfield code="d">1666-1726</subfield>
    </datafield>
    <datafield tag="400" ind1="0" ind2=" ">
      <subfield code="a">Dorothea Sophia</subfield>
      <subfield code="c">Braunschweig-Lüneburg, Herzogin</subfield>
      <subfield code="d">1666-1726</subfield>
    </datafield>
    <datafield tag="400" ind1="0" ind2=" ">
      <subfield code="a">Sophie Dorothea</subfield>
      <subfield code="c">Kurprinzessin von Hannover</subfield>
      <subfield code="d">1666-1726</subfield>
    </datafield>
    <datafield tag="400" ind1="0" ind2=" ">
      <subfield code="a">Sophie Dorothea</subfield>
      <subfield code="c">Prinzessin von Hannover</subfield>
      <subfield code="d">1666-1726</subfield>
    </datafield>
    <datafield tag="400" ind1="0" ind2=" ">
      <subfield code="a">Sophia Dorothea</subfield>
      <subfield code="c">consort of George I, King of Great Britain</subfield>
      <subfield code="d">1666-1726</subfield>
    </datafield>
    <datafield tag="400" ind1="0" ind2=" ">
      <subfield code="a">Sophie Dorothea</subfield>
      <subfield code="c">Herzogin von Braunschweig-Lüneburg</subfield>
      <subfield code="d">1666-1726</subfield>
    </datafield>
    <datafield tag="500" ind1="0" ind2=" ">
      <subfield code="0">(DE-101)119200767</subfield>
      <subfield code="0">(DE-588)119200767</subfield>
      <subfield code="0">https://d-nb.info/gnd/119200767</subfield>
      <subfield code="a">Georg Wilhelm</subfield>
      <subfield code="c">Braunschweig-Lüneburg, Herzog</subfield>
      <subfield code="d">1624-1705</subfield>
      <subfield code="4">bezf</subfield>
      <subfield code="4">https://d-nb.info/standards/elementset/gnd#familialRelationship</subfield>
      <subfield code="w">r</subfield>
      <subfield code="i">Beziehung familiaer</subfield>
      <subfield code="e">Beziehung familiaer</subfield>
      <subfield code="9">v:Vater</subfield>
    </datafield>
    <datafield tag="500" ind1="0" ind2=" ">
      <subfield code="0">(DE-101)119200775</subfield>
      <subfield code="0">(DE-588)119200775</subfield>
      <subfield code="0">https://d-nb.info/gnd/119200775</subfield>
      <subfield code="a">Eleonore</subfield>
      <subfield code="c">Braunschweig-Lüneburg, Herzogin</subfield>
      <subfield code="d">1639-1722</subfield>
      <subfield code="4">bezf</subfield>
      <subfield code="4">https://d-nb.info/standards/elementset/gnd#familialRelationship</subfield>
      <subfield code="w">r</subfield>
      <subfield code="i">Beziehung familiaer</subfield>
      <subfield code="e">Beziehung familiaer</subfield>
      <subfield code="9">v:Mutter</subfield>
    </datafield>
    <datafield tag="548" ind1=" " ind2=" ">
      <subfield code="a">1666-1726</subfield>
      <subfield code="4">datl</subfield>
      <subfield code="4">https://d-nb.info/standards/elementset/gnd#dateOfBirthAndDeath</subfield>
      <subfield code="w">r</subfield>
      <subfield code="i">Lebensdaten</subfield>
    </datafield>
    <datafield tag="667" ind1=" " ind2=" ">
      <subfield code="a">NDSBIO</subfield>
    </datafield>
    <datafield tag="667" ind1=" " ind2=" ">
      <subfield code="a">7</subfield>
    </datafield>
    <datafield tag="667" ind1=" " ind2=" ">
      <subfield code="a">VD-17</subfield>
    </datafield>
    <datafield tag="667" ind1=" " ind2=" ">
      <subfield code="a">3</subfield>
    </datafield>
    <datafield tag="667" ind1=" " ind2=" ">
      <subfield code="a">SWB</subfield>
    </datafield>
    <datafield tag="667" ind1=" " ind2=" ">
      <subfield code="a">VD-18</subfield>
    </datafield>
    <datafield tag="670" ind1=" " ind2=" ">
      <subfield code="a">M</subfield>
    </datafield>
    <datafield tag="670" ind1=" " ind2=" ">
      <subfield code="a">LCAuth/PND, abgeändert nach KIDS</subfield>
    </datafield>
    <datafield tag="672" ind1=" " ind2="0">
      <subfield code="a">Histoire secrète de la duchesse d'Hanover, épouse de Georges premier</subfield>
      <subfield code="f">1732</subfield>
    </datafield>
    <datafield tag="672" ind1=" " ind2="0">
      <subfield code="a">Geheime Geschichte der Hertzogin von Hanovre</subfield>
      <subfield code="f">1734</subfield>
    </datafield>
    <datafield tag="672" ind1=" " ind2="0">
      <subfield code="a">Histoire de la duchesse d'Hanovre epouse de George premier</subfield>
      <subfield code="f">1734</subfield>
    </datafield>
    <datafield tag="672" ind1=" " ind2="0">
      <subfield code="a">Geschichte der Hertzogin von Hannover, Gemahlin Georgens des Ersten, Königes von Grossbri*</subfield>
      <subfield code="f">1734</subfield>
    </datafield>
    <datafield tag="672" ind1=" " ind2="0">
      <subfield code="a">Geschichte der Herzogin von Ahlden</subfield>
      <subfield code="f">1786</subfield>
    </datafield>
    <datafield tag="678" ind1=" " ind2=" ">
      <subfield code="b">verheiratet mit Kurfürst Georg Ludwig von Hannover, dem späteren König Georg I. von Großbritannien; Tochter von Herzog Georg Wilhelm  zu Braunschweig-Lüneburg (1624-1705) und Eleonore d’Olbreuse (1639–1722)</subfield>
    </datafield>
    <datafield tag="700" ind1="0" ind2="7">
      <subfield code="a">Sophia Dorothea</subfield>
      <subfield code="c">consort of George I, King of Great Britain</subfield>
      <subfield code="d">1666-1726</subfield>
      <subfield code="0">(DLC)n  50013318</subfield>
      <subfield code="2">naf</subfield>
      <subfield code="9">v:1666-1726.</subfield>
    </datafield>
    <datafield tag="913" ind1=" " ind2=" ">
      <subfield code="S">pnd</subfield>
      <subfield code="i">5</subfield>
      <subfield code="a">Sophie Dorothea &lt;Hannover, Kurprinzessin&gt;</subfield>
      <subfield code="0">(DE-588a)118615661</subfield>
    </datafield>
  </record>
